<?xml version="1.0" encoding="UTF-8"?><collection xmlns="http://www.loc.gov/MARC21/slim"><record><leader>00401nam--2200157-i-4500</leader><controlfield tag="001">000015053</controlfield><controlfield tag="002">20161230</controlfield><controlfield tag="005">20170113233740</controlfield><controlfield tag="008">060222s1000------------r-----000-0-eng-d</controlfield><datafield ind1=" " ind2=" " tag="080"><subfield code="a">54</subfield></datafield><datafield ind1=" " ind2=" " tag="100"><subfield code="a">Chatelet, M</subfield></datafield><datafield ind1=" " ind2=" " tag="245"><subfield code="a">Spectres d absorption visibles et ultra-violet s des solutions</subfield></datafield><datafield ind1=" " ind2=" " tag="260"><subfield code="a">Paris</subfield><subfield code="b">Hermann Et C-ie</subfield><subfield code="c">1933</subfield></datafield><datafield ind1=" " ind2=" " tag="300"><subfield code="a">24 p</subfield></datafield><datafield ind1=" " ind2=" " tag="852"><subfield code="a">76488</subfield></datafield><datafield ind1=" " ind2=" " tag="CAT"><subfield code="a">SYS</subfield><subfield code="c">20170113</subfield><subfield code="h">233740</subfield></datafield></record></collection>